@article{GBD,
author = { Zvi   Drezner   and  Nicholas   Farnum },
title = {A generalized binomial distribution},
journal = {Communications in Statistics - Theory and Methods},
volume = {22},
number = {11},
pages = {3051-3063},
year  = {1993},
publisher = {Taylor & Francis},
doi = {10.1080/03610929308831202},

URL = { 
        https://doi.org/10.1080/03610929308831202
    
},
eprint = { 
        https://doi.org/10.1080/03610929308831202
    
}

}
@book{book,
  title={Culture and the evolutionary process},
  author={Boyd, Robert and Richerson, Peter J},
  year={1988},
  publisher={University of Chicago press}
}

@article{dirichlet,
  title={Introduction to the Dirichlet distribution and related processes},
  author={Frigyik, Bela A and Kapila, Amol and Gupta, Maya R},
  journal={Department of Electrical Engineering, University of Washignton, UWEETR-2010-0006},
  number={0006},
  pages={1--27},
  year={2010}
}